@article{fulano2022,
  author = {Fulano de Tal},
  title = {A Paper that Does not Not Exist},
  year = {2025},
}

@book{gandalf2003,
  author = {Gandalf the Grey},
  title = {On the Uncertainty of Paths: A Treatise on Wandering},
  year = {2003},
  publisher = {White Council Press}
}

@article{baggins2027,
  author = {Frodo Baggins},
  title = {Probabilistic Risk Estimation in Mordorian Terrain},
  journal = {Journal of Middle earth Optimization},
  volume = {42},
  number = {3},
  pages = {111--135},
  year = {2027}
}

@inproceedings{potter2010,
  author = {Harry Potter and Hermione Granger},
  title = {Magical Graph Traversal under Adversarial Enchantments},
  booktitle = {Proceedings of the International Conference on Wizardry and Computation (ICWC)},
  year = {2010},
  pages = {301--312}
}

@book{aslan2008,
  author = {Aslan},
  title = {Resource Constrained Journey Planning in Multi Realm Environments},
  year = {2008},
  publisher = {Stone Table University Press}
}

@article{bilbo1999,
  author = {Bilbo Baggins},
  title = {There and Back Again: A Baseline Heuristic for Round Trip Route Planning},
  journal = {Proceedings of the Hobbiton Symposium on Applied Pathfinding},
  year = {1999},
  volume = {1},
  number = {1},
  pages = {1--12}
}

@book{merry2020,
  author = {Meriadoc Brandybuck and Peregrin Took},
  title = {Optimization of Travel Logistics in Post-War Middle-earth},
  year = {2020},
  publisher = {Brandy Hall Technical Books}
}

@misc{snape2015,
  author = {Severus Snape},
  title = {On the Duality of Trust and Betrayal in Distributed Systems},
  year = {2015},
  note = {Unpublished manuscript, found in the dungeons of Hogwarts}
}

@incollection{legolas2016,
  author = {Legolas Greenleaf},
  title = {Fast and Silent: A Survey of Lightweight Routing Algorithms},
  booktitle = {Handbook of Elven Network Protocols},
  publisher = {Mirkwood Academic Press},
  year = {2016},
  pages = {87--103}
}
